<record><leader>00000cas a22000007a 4500</leader><controlfield tag="001">17955018</controlfield><controlfield tag="008">880514d19131915nduwr ne      0    0eng d</controlfield><datafield ind1=" " ind2=" " tag="010"><subfield code="a">sn 88076114 </subfield></datafield><datafield ind1=" " ind2=" " tag="040"><subfield code="a">NOP</subfield><subfield code="b">eng</subfield><subfield code="c">NOP</subfield><subfield code="d">OCLCQ</subfield></datafield><datafield ind1=" " ind2=" " tag="042"><subfield code="a">msc</subfield></datafield><datafield ind1="0" ind2=" " tag="130"><subfield code="a">State news (Bismarck, N.D.)</subfield></datafield><datafield ind1="1" ind2="4" tag="245"><subfield code="a">The State news.</subfield></datafield><datafield ind1=" " ind2=" " tag="260"><subfield code="a">Bismarck, N.D. :</subfield><subfield code="b">State News Co.</subfield></datafield><datafield ind1=" " ind2=" " tag="300"><subfield code="a">2 v. :</subfield><subfield code="b">ill. ;</subfield><subfield code="c">55 cm.</subfield></datafield><datafield ind1=" " ind2=" " tag="310"><subfield code="a">Weekly</subfield></datafield><datafield ind1="0" ind2=" " tag="362"><subfield code="a">28th year, no. 32 (Oct. 16, 1913)-29th year, no. 37 (Sept. 30, 1915).</subfield></datafield><datafield ind1=" " ind2=" " tag="500"><subfield code="a">"State" appears above masthead ornament, Nov. 13, 1913-Sept. 30, 1915.</subfield></datafield><datafield ind1=" " ind2=" " tag="530"><subfield code="a">Available on microfilm from the State Historical Society of North Dakota.</subfield></datafield><datafield ind1=" " ind2=" " tag="752"><subfield code="a">United States</subfield><subfield code="b">North Dakota</subfield><subfield code="c">Burleigh</subfield><subfield code="d">Bismarck.</subfield></datafield><datafield ind1="0" ind2="0" tag="780"><subfield code="t">Bismarck times</subfield><subfield code="w">(DLC)sn 88076113</subfield></datafield><datafield ind1="0" ind2="0" tag="785"><subfield code="t">Public opinion (Bismarck, N.D.)</subfield><subfield code="w">(DLC)sn 88076115</subfield></datafield></record>